<?xml version="1.0" encoding="UTF-8"?><collection xmlns="http://www.loc.gov/MARC21/slim"><record><leader>00548nam--2200193-u-4500</leader><controlfield tag="001">000056719</controlfield><controlfield tag="002">20170119</controlfield><controlfield tag="005">20170119143217</controlfield><controlfield tag="008">170119s1000------------r-----000-0-rum-d</controlfield><datafield ind1=" " ind2=" " tag="040"><subfield code="a">IFIN-HH</subfield></datafield><datafield ind1="0" ind2=" " tag="041"><subfield code="a">rum</subfield></datafield><datafield ind1=" " ind2=" " tag="080"><subfield code="a">541.1</subfield></datafield><datafield ind1="1" ind2=" " tag="100"><subfield code="a">Akopian, A.A</subfield></datafield><datafield ind1="1" ind2="0" tag="245"><subfield code="a">Termodinamica chimica</subfield><subfield code="b">Traducere din limba rusa</subfield><subfield code="c">A.A. Akopian</subfield></datafield><datafield ind1=" " ind2=" " tag="260"><subfield code="a">Bucuresti</subfield><subfield code="b">Editura Didactica si Pedagogica</subfield><subfield code="c">1968</subfield></datafield><datafield ind1=" " ind2=" " tag="300"><subfield code="a">551p</subfield></datafield><datafield ind1=" " ind2=" " tag="500"><subfield code="a">Titlul original in limba rusa: Himiceskaia termodinamika</subfield></datafield><datafield ind1=" " ind2=" " tag="852"><subfield code="a">29973</subfield><subfield code="c">541.1</subfield></datafield><datafield ind1=" " ind2=" " tag="CAT"><subfield code="a">SYS</subfield><subfield code="c">20170119</subfield><subfield code="h">143217</subfield></datafield></record></collection>